<?xml version="1.0" encoding="UTF-8"?><collection xmlns="http://www.loc.gov/MARC21/slim"><record><leader>00476nam--2200121-i-4500</leader><controlfield tag="001">000001178</controlfield><controlfield tag="002">20161230</controlfield><controlfield tag="005">20161230201024</controlfield><controlfield tag="008">060222s1000------------r-----000-0-eng-d</controlfield><datafield ind1=" " ind2=" " tag="245"><subfield code="a">Messen und regeln in der chemischen technik unter mitwirkung zahlreicher fachwisserschaftler herausgegeben von...2-te neubearb.aufl.mit 1564 abbildungen</subfield></datafield><datafield ind1=" " ind2=" " tag="260"><subfield code="a">Berlin/Gottingen/Heidelberg,Springer-verlag, 1964. Xxiv + 1621 P</subfield></datafield><datafield ind1=" " ind2=" " tag="700"><subfield code="a">Hengstenberg, J., Sturm, B., Winkler O</subfield></datafield><datafield ind1=" " ind2=" " tag="852"><subfield code="a">19725</subfield></datafield></record></collection>